<?xml version='1.0' encoding='UTF-8'?>
<record xmlns="http://www.loc.gov/MARC21/slim">
  <leader>01277cam a22003135  4500</leader>
  <controlfield tag="001">2834884</controlfield>
  <controlfield tag="003">NjP</controlfield>
  <controlfield tag="005">20171019170351.0</controlfield>
  <controlfield tag="008">991202s1964    ir            000 0 ara d</controlfield>
  <datafield tag="024" ind1="7" ind2=" ">
    <subfield code="a">princeton_aco002872</subfield>
    <subfield code="2">local</subfield>
  </datafield>
  <datafield ind1=" " ind2=" " tag="035">
    <subfield code="a">(OCoLC)ocn178127202</subfield>
  </datafield>
  <datafield ind1=" " ind2=" " tag="035">
    <subfield code="a">(OCoLC)ocm42914950</subfield>
  </datafield>
  <datafield ind1=" " ind2=" " tag="040">
    <subfield code="a">PUL</subfield>
    <subfield code="c">PUL</subfield>
    <subfield code="d">PUL</subfield>
  </datafield>
  <datafield ind1=" " ind2=" " tag="035">
    <subfield code="a">(OCoLC)178127202</subfield>
  </datafield>
  <datafield ind1=" " ind2=" " tag="035">
    <subfield code="9">CNR7310TS</subfield>
  </datafield>
  <datafield ind1=" " ind2=" " tag="035">
    <subfield code="a">(NjP)2834884</subfield>
  </datafield>
  <datafield ind1=" " ind2=" " tag="079">
    <subfield code="a">ocm42914950</subfield>
  </datafield>
  <datafield ind1=" " ind2=" " tag="049">
    <subfield code="a">PULL</subfield>
  </datafield>
  <datafield ind1=" " ind2=" " tag="090">
    <subfield code="a">BP144</subfield>
    <subfield code="b">.G85 1964</subfield>
  </datafield>
  <datafield ind1="1" ind2=" " tag="100">
    <subfield code="6">880-01</subfield>
    <subfield code="a">Gulpāyigānī, Muḥammad Riḍā.</subfield>
  </datafield>
  <datafield ind1="0" ind2="3" tag="245">
    <subfield code="6">880-02</subfield>
    <subfield code="a">al-Hidāyah ilā man lahu al-wilāyah.</subfield>
    <subfield code="b">Taqrīr baḥth ...</subfield>
    <subfield code="c">Muḥammad Riḍā al-Gulpāygānī [liʹ-muʼalliʹfihi] Aḥmad al-Ṣābirī al-Hamadānī.</subfield>
  </datafield>
  <datafield ind1=" " ind2=" " tag="260">
    <subfield code="6">880-03</subfield>
    <subfield code="a">Qumm,</subfield>
    <subfield code="b">Chāpkhāneh-yi ʻIlmīyeh,</subfield>
    <subfield code="c">1383 [1964]</subfield>
  </datafield>
  <datafield ind1=" " ind2=" " tag="300">
    <subfield code="a">67 p.</subfield>
    <subfield code="c">24 cm.</subfield>
  </datafield>
  <datafield ind1=" " ind2=" " tag="546">
    <subfield code="a">In Arabic.</subfield>
  </datafield>
  <datafield ind1=" " ind2="0" tag="650">
    <subfield code="a">Islamic law.</subfield>
    <subfield code="0">http://id.loc.gov/authorities/subjects/sh85068454</subfield>
  </datafield>
  <datafield ind1="1" ind2=" " tag="880">
    <subfield code="6">100-01/r</subfield>
    <subfield code="a">گلپايگاني، محمد رضا.</subfield>
  </datafield>
  <datafield ind1="0" ind2="2" tag="880">
    <subfield code="6">245-02/r</subfield>
    <subfield code="a">الهداية الا من له الولاية.</subfield>
    <subfield code="b">تقرير بحث ...</subfield>
    <subfield code="c">محمد رضا الگلپايگاني [لمؤلفه] احمد الصابري الهمداني.</subfield>
  </datafield>
  <datafield ind1=" " ind2=" " tag="880">
    <subfield code="6">260-03/r</subfield>
    <subfield code="a">قم،</subfield>
    <subfield code="b">چاپخانهي عالميه،</subfield>
    <subfield code="c">1383 [1964]</subfield>
  </datafield>
  <datafield ind1=" " ind2=" " tag="911">
    <subfield code="a">20000220</subfield>
  </datafield>
  <datafield ind1=" " ind2=" " tag="994">
    <subfield code="a">C0</subfield>
    <subfield code="b">PUL</subfield>
  </datafield>
  <datafield ind1=" " ind2=" " tag="999">
    <subfield code="a">2834884</subfield>
  </datafield>
  <datafield ind1="0" ind2="0" tag="852">
    <subfield code="0">3147341</subfield>
    <subfield code="b">rcppa</subfield>
    <subfield code="h">BP144</subfield>
    <subfield code="i">.G85 1964</subfield>
    <subfield code="t">1</subfield>
    <subfield code="x">tr fr nec</subfield>
  </datafield>
  <datafield ind1=" " ind2=" " tag="959">
    <subfield code="a">2009-06-30 09:42:14 -0500</subfield>
  </datafield>
</record>
